<?xml version="1.0" encoding="UTF-8"?><collection xmlns="http://www.loc.gov/MARC21/slim"><record><leader>00471nam--2200121-i-4500</leader><controlfield tag="001">000047690</controlfield><controlfield tag="002">20161230</controlfield><controlfield tag="005">20161230201046</controlfield><controlfield tag="008">060222s1000------------r-----000-0-eng-d</controlfield><datafield ind1=" " ind2=" " tag="100"><subfield code="a">Wilson, Ker W</subfield></datafield><datafield ind1=" " ind2=" " tag="245"><subfield code="a">Practical solution of torsional vibration problems. with examples from marine electrical, aeronautical and automobile engineering practice. vol.i: frequency calculations. 3-rd edition revised</subfield></datafield><datafield ind1=" " ind2=" " tag="260"><subfield code="a">London, Chapman &amp; Hall Ltd., 1956, Xxxiii+704p</subfield></datafield><datafield ind1=" " ind2=" " tag="852"><subfield code="a">5359</subfield></datafield></record></collection>